<record><leader>00000cas a22000007a 4500</leader><controlfield tag="001">14288819</controlfield><controlfield tag="008">861001d18421842laudr ne      0    0eng d</controlfield><datafield ind1=" " ind2=" " tag="010"><subfield code="a">sn 86053731 </subfield></datafield><datafield ind1=" " ind2=" " tag="040"><subfield code="a">NPX</subfield><subfield code="b">eng</subfield><subfield code="c">NPX</subfield><subfield code="d">PPM</subfield><subfield code="d">LNP</subfield><subfield code="d">OCLCQ</subfield></datafield><datafield ind1=" " ind2=" " tag="042"><subfield code="a">msc</subfield></datafield><datafield ind1="0" ind2=" " tag="130"><subfield code="a">Jeffersonian (New Orleans, La. : 1842 : Daily)</subfield></datafield><datafield ind1="1" ind2="4" tag="245"><subfield code="a">The Jeffersonian.</subfield></datafield><datafield ind1="1" ind2="3" tag="246"><subfield code="a">Daily Jeffersonian</subfield></datafield><datafield ind1=" " ind2=" " tag="260"><subfield code="a">New Orleans [La.] :</subfield><subfield code="b">Richard Rust &amp; S.A. Montgomery</subfield></datafield><datafield ind1=" " ind2=" " tag="300"><subfield code="a">v.</subfield></datafield><datafield ind1=" " ind2=" " tag="310"><subfield code="a">Daily (except Sun.)</subfield></datafield><datafield ind1=" " ind2=" " tag="321"><subfield code="a">Daily</subfield></datafield><datafield ind1="1" ind2=" " tag="362"><subfield code="a">Began in 1842; ceased in Oct. 1842.</subfield></datafield><datafield ind1=" " ind2=" " tag="500"><subfield code="a">"Published simultaneously in Lafayette City and New Orleans" &lt;June 10-Oct. 4, 1842&gt;.</subfield></datafield><datafield ind1=" " ind2=" " tag="588"><subfield code="a">Description based on: Vol. 1, no. 38 (Mar. 30, 1842).</subfield></datafield><datafield ind1=" " ind2=" " tag="752"><subfield code="a">United States</subfield><subfield code="b">Louisiana</subfield><subfield code="c">Orleans</subfield><subfield code="d">New Orleans.</subfield></datafield><datafield ind1=" " ind2=" " tag="752"><subfield code="a">United States</subfield><subfield code="b">Louisiana</subfield><subfield code="c">Jefferson</subfield><subfield code="d">Lafayette City.</subfield></datafield><datafield ind1="0" ind2=" " tag="775"><subfield code="t">Jeffersonian (New Orleans, La. : 1842 : Weekly)</subfield><subfield code="w">(DLC)sn 86086472</subfield></datafield><datafield ind1="0" ind2="0" tag="785"><subfield code="t">Morning herald &amp; Jeffersonian</subfield><subfield code="w">(DLC)sn 86053728</subfield></datafield></record>